@article{papatheodorou2019,
  author  = {Papatheodorou, Stefania},
  title   = {Umbrella reviews: what they are and why we need them},
  journal = {European Journal of Epidemiology},
  year    = {2019},
  volume  = {34},
  number  = {6},
  pages   = {543--546},
  doi     = {10.1007/s10654-019-00505-6}
}

@incollection{vombrocke2020,
  author    = {Jan vom Brocke and Alan Hevner and Alexander Maedche},
  title     = {Introduction to Design Science Research},
  booktitle = {Design Science Research. Cases},
  editor    = {Jan vom Brocke and Alan Hevner and Alexander Maedche},
  publisher = {Springer},
  address   = {Cham},
  year      = {2020},
  pages     = {1--13},
  doi       = {10.1007/978-3-030-46781-4_1}
}

@article{peffers2008design,
  author  = {Peffers, Ken and Tuunanen, Tuure and Rothenberger, Marcus A. and Chatterjee, Samir},
  title   = {A design science research methodology for information systems research},
  journal = {Journal of Management Information Systems},
  volume  = {24},
  number  = {3},
  pages   = {45 77},
  year    = {2008},
  publisher = {Taylor \& Francis},
  doi     = {10.2753/MIS0742-1222240302},
  url     = {https://doi.org/10.2753/MIS0742-1222240302}
}

@book{aromataris2014umbrella,
  author    = {Aromataris, Edoardo and Fernandez, Ritin S. and Godfrey, Christina and Holly, Cheryl and Khalil, Hanan and Tungpunkom, Patraporn},
  title     = {Methodology for {JBI} Umbrella Reviews},
  year      = {2014},
  publisher = {Joanna Briggs Institute},
  address   = {Adelaide},
  url       = {https://ro.uow.edu.au/smhpapers/3344},
  note      = {Disponible en Research Online de la University of Wollongong}
}

@article{casola2022pretrained,
  author    = {Casola, Silvia and Lauriola, Ivano and Lavelli, Alberto},
  title     = {Pre-trained transformers: An empirical comparison},
  journal   = {Machine Learning with Applications},
  volume    = {9},
  pages     = {100334},
  year      = {2022},
  doi       = {10.1016/j.mlwa.2022.100334},
  note      = {Acceso abierto, CC BY 4.0}
}

@article{ramdurai2025llm,
  author    = {Ramdurai, Balagopal},
  title     = {Large Language Models ({LLMs}), Retrieval-Augmented Generation ({RAG}) systems, and Convolutional Neural Networks ({CNNs}) in Application systems},
  journal   = {International Journal of Marketing and Technology},
  volume    = {15},
  number    = {01},
  year      = {2025},
  url       = {https://www.researchgate.net/publication/387128512},
  note      = {Disponible en acceso abierto en ResearchGate}
}

@article{han2024rag,
  author    = {Han, Binglan and Susnjak, Teo and Mathrani, Anuradha},
  title     = {Automating Systematic Literature Reviews with Retrieval Augmented Generation: A Comprehensive Overview},
  journal   = {Applied Sciences},
  year      = {2024},
  volume    = {14},
  number    = {19},
  pages     = {9103},
  doi       = {10.3390/app14199103}
}

@misc{gao2023rag,
  author       = {Gao, Yunfan and Xiong, Yun and Gao, Xinyu and Jia, Kangxiang and Pan, Jinliu and Bi, Yuxi and Dai, Yi and Sun, Jiawei and Wang, Haofen},
  title        = {Retrieval Augmented Generation for Large Language Models: A Survey},
  year         = {2023},
  eprint       = {2312.10997},
  eprinttype   = {arXiv},
  eprintclass  = {cs.CL},
  url          = {https://arxiv.org/abs/2312.10997}
}

@article{hambarde2023ir,
  author    = {Hambarde, Kailash A. and Proen{\c{c}}a, Hugo},
  title     = {Information Retrieval: Recent Advances and Beyond},
  journal   = {IEEE Access},
  year      = {2023},
  volume    = {11},
  pages     = {76581 76620},
  doi       = {10.1109/ACCESS.2023.3295776},
}
